@article{Hoare-ACM-Communication-1971,
    author       = {C. A. R. Hoare},
    title        = {Proof of a Program: {FIND}},
    journal      = {Commun. {ACM}},
    volume       = {14},
    number       = {1},
    pages        = {39-45},
    year         = {1971}
}

@article{BFPRT-JCSS-1973,
    author       = {Manuel Blum and Robert W. Floyd and Vaughan R. Pratt and Ronald L. Rivest and Robert Endre Tarjan},
    title        = {Time Bounds for Selection},
    journal      = {J. Comput. Syst. Sci.},
    volume       = {7},
    number       = {4},
    pages        = {448-461},
    year         = {1973}
}

@article{FH-Computer-Journal-1971,
    author       = {M. Foley and C. A. R. Hoare},
    title        = {Proof of a Recursive Program: Quicksort},
    journal      = {Comput. J.},
    volume       = {14},
    number       = {4},
    pages        = {391-395},
    year         = {1971}
}

@article{Musser-Software-1997,
    author       = {David R. Musser},
    title        = {Introspective Sorting and Selection Algorithms},
    journal      = {Softw. Pract. Exp.},
    volume       = {27},
    number       = {8},
    pages        = {983-993},
    year         = {1997}
}

@article{AKS-Annals-2004,
    author       = {Manindra Agrawal and Neeraj Kayal and Nitin Saxena},
    title        = {PRIMES is in P},
    journal      = {Annals of Mathematics},
    volume       = {160 (2)},
    pages        = {781-793},
    year         = {2004}
}