@inproceedings{AGM-CRYPTO-2018,
  author    = {Shashank Agrawal and Chaya Ganesh and Payman Mohassel},
  title     = {Non-Interactive Zero-Knowledge Proofs for Composite Statements},
  booktitle = {{CRYPTO} 2018},
  pages     = {643-673}
}

@inproceedings{AHIV-Ligero-CCS-2017,
	author    = {Scott Ames and Carmit Hazay and Yuval Ishai and Muthuramakrishnan Venkitasubramaniam},
	title     = {Ligero: Lightweight Sublinear Arguments Without a Trusted Setup},
	booktitle = {{ACM} {CCS} 2017},
	pages     = {2087-2104}
}

@inproceedings{Zether-FC-2020,
	author = {Benedikt B{\"{u}}nz and Shashank Agrawal and Mahdi Zamani and Dan Boneh},
	title = {Zether: Towards Privacy in a Smart Contract World},
	booktitle = {{FC} 2020},
	pages     = {423-443}
}

@inproceedings{Bunz-BulletProof-SP-2018,
	author    = {Benedikt B{\"{u}}nz and Jonathan Bootle and Dan Boneh and
	Andrew Poelstra and Pieter Wuille and Gregory Maxwell},
	title     = {Bulletproofs: Short Proofs for Confidential Transactions and More},
	booktitle = {{IEEE} {S\&P} 2018},
	pages     = {315-334}
}

@inproceedings{Ben-EUROCRYPT-2017,
	author    = {Eli Ben{-}Sasson and Iddo Bentov and Alessandro Chiesa and Ariel Gabizon and
	Daniel Genkin and Matan Hamilis and Evgenya Pergament and
	Michael Riabzev and Mark Silberstein and Eran Tromer and Madars Virza},
	title     = {Computational Integrity with a Public Random String from Quasi-Linear PCPs},
	booktitle = {{EUROCRYPT} 2017},
	pages     = {551-579}
}

@inproceedings{BBF-CRYPTO-2019,
	author    = {Dan Boneh and Benedikt B{\"{u}}nz and Ben Fisch},
	title     = {Batching Techniques for Accumulators with Applications to IOPs and Stateless Blockchains},
	booktitle = {{CRYPTO} 2019},
	pages     = {561-586}
}

@article{Ben-STARK-ePrint-2018,
	author    = {Eli Ben{-}Sasson and Iddo Bentov and Yinon Horesh and Michael Riabzev},
	title     = {Scalable, transparent, and post-quantum secure computational integrity},
	note      = {\url{http://eprint.iacr.org/2018/046}}
}

@article{ZEXE-SP-2020,
	author    = {Sean Bowe and Alessandro Chiesa and Matthew Green and Ian Miers and Pratyush Mishra and Howard Wu},
	title     = {Zexe: Enabling Decentralized Private Computation},
	booktitle = {{IEEE} S{\&}P 2020},
	pages     = {947--964}
}

@inproceedings{Ben-STOC-2013,
	author    = {Eli Ben{-}Sasson and Alessandro Chiesa and Daniel Genkin and Eran Tromer},
	title     = {On the concrete efficiency of probabilistically-checkable proofs},
	booktitle = {{STOC} 2013},
	pages     = {585-594}
}

@inproceedings{BCIOP-TCC-2013,
	author    = {Nir Bitansky and Alessandro Chiesa and Yuval Ishai and Rafail Ostrovsky and Omer Paneth},
	title     = {Succinct Non-interactive Arguments via Linear Interactive Proofs},
	booktitle = {{TCC} 2013},
	pages     = {315-333}
}

@inproceedings{Ben-Aurora-EUROCRYPT-2019,
	author    = {Eli Ben{-}Sasson and Alessandro Chiesa and Michael Riabzev and
	Nicholas Spooner and Madars Virza and Nicholas P. Ward},
	title     = {Aurora: Transparent Succinct Arguments for {R1CS}},
	booktitle = {{EUROCRYPT} 2019},
	pages     = {103-128}
}

@article{Ben-ePrint-2016,
	author    = {Eli Ben{-}Sasson and Alessandro Chiesa and Ariel Gabizon and Michael Riabzev and Nicholas Spooner},
	title     = {Short Interactive Oracle Proofs with Constant Query Complexity, via Composition and Sumcheck},
	note      = {\url{http://eprint.iacr.org/2016/324}}
}

@inproceedings{Beaver-CRYPTO-1991,
	author    = {Donald Beaver},
	title     = {Efficient Multiparty Protocols Using Circuit Randomization},
	booktitle = {{CRYPTO} 1991},
	pages     = {420--432},
}

@inproceedings{BFM-STOC-1988,
	author = {Manuel Blum and Paul Feldman and Silvio Micali},
	booktitle = {{STOC} 1988},
	pages = {103-112},
	title = {Non-Interactive Zero-Knowledge and Its Applications (Extended Abstract)}
}

@inproceedings{BGW-STOC-1988,
	author    = {Michael Ben{-}Or and Shafi Goldwasser and Avi Wigderson},
	title     = {Completeness Theorems for Non-Cryptographic Fault-Tolerant Distributed
	Computation (Extended Abstract)},
	booktitle = {{STOC} 1988},
	pages     = {1-10}
}

@inproceedings{BHHKP-PKC-2019,
	author    = {Michael Backes and Lucjan Hanzlik and Amir Herzberg and Aniket Kate and Ivan Pryvalov},
	title     = {Efficient Non-Interactive Zero-Knowledge Proofs in Cross-Domains Without
	Trusted Setup},
	booktitle = {{PKC} 2019},
	pages     = {286--313}
}

@misc{Coda-Mina,
	author = {Joseph Bonneau and Izaak Meckler and Vanishree Rao and van Shapiro},
	title        = {Coda: Decentralized Cryptocurrency at Scale},
	note         = {\url{https://ia.cr/2020/352}}
}

@inproceedings{CD-STOC-1997,
	author    = {Ronald Cramer and Ivan Damg{\aa}rd},
	title     = {Linear Zero-Knowledge - {A} Note on Efficient Zero-Knowledge Proofs and Arguments},
	booktitle = {{STOC} 1997},
	pages     = {436-445}
}

@inproceedings{Chase-Picnic-CCS-2017,
	author    = {Melissa Chase and David Derler and Steven Goldfeder and Claudio Orlandi and
	Sebastian Ramacher and Christian Rechberger and Daniel Slamanig and Greg Zaverucha},
	title     = {Post-Quantum Zero-Knowledge and Signatures from Symmetric-Key Primitives},
	booktitle = {{ACM} {CCS} 2017},
	pages     = {1825-1842}
}

@inproceedings{CDS-CRYPTO-1994,
	author    = {Ronald Cramer and Ivan Damg{\aa}rd and Berry Schoenmakers},
	title     = {Proofs of Partial Knowledge and Simplified Design of Witness Hiding Protocols},
	booktitle = {{CRYPTO} 1994},
	pages     = {174--187}
}

@inproceedings{CFGKN-ASIACRYPT-2020,
	author    = {Matteo Campanelli and Dario Fiore and Nicola Greco and Dimitris Kolonelos and Luca Nizzardo},
	title     = {Incrementally Aggregatable Vector Commitments and Applications to
	Verifiable Decentralized Storage},
	booktitle = {{ASIACRYPT} 2020},
	pages     = {3--35}
}

@inproceedings{CGM-CRYPTO-2016,
	author    = {Melissa Chase and Chaya Ganesh and Payman Mohassel},
	title     = {Efficient Zero-Knowledge Proof of Algebraic and Non-Algebraic Statements
	with Applications to Privacy Preserving Credentials},
	booktitle = {{CRYPTO} 2016}
}

@inproceedings{CHLR-CCS-2018,
	author    = {Hao Chen and Zhicong Huang and Kim Laine and Peter Rindal},
	title     = {Labeled {PSI} from Fully Homomorphic Encryption with Malicious Security},
	booktitle = {{ACM} {CCS} 2018},
	pages     = {1223-1237}
}

@misc{CISC2019,
	author = {CISC 2019},
	note = {\url{https://mp.weixin.qq.com/s/EiJWZoWKkEmE2XV-Gv_aMw}}
	%note = {\url{https://cisc.platon.network/cisc2019/}}
}

@inproceedings{CLR-CCS-2017,
	author    = {Hao Chen and Kim Laine and Peter Rindal},
	title     = {Fast Private Set Intersection from Homomorphic Encryption},
	booktitle = {Proceedings of the 2017 {ACM} {CCS} 2017},
	pages     = {1243-1255}
}

@inproceedings{CM-CRYPTO-2020,
	author    = {Melissa Chase and Peihan Miao},
	title     = {Private Set Intersection in the Internet Setting from Lightweight Oblivious {PRF}},
	booktitle = {{CRYPTO} 2020},
	pages     = {34--63}
}

@inproceedings{Cong-CCS-2021,
	author    = {Kelong Cong and Radames Cruz Moreno and Mariana Botelho da Gama and
	Wei Dai and Ilia Iliashenko and Kim Laine and Michael Rosenberg},
	title     = {Labeled {PSI} from Homomorphic Encryption with Reduced Computation
	and Communication},
	booktitle = {{ACM} {CCS} 2021},
	pages     = {1135-1150}
}

@inproceedings{Chen-ESORICS-2020,
	author = {Yu Chen and Xuecheng Ma and Cong Tang and Man Ho Au},
	title = {{PGC: Pretty Good Confidential Transaction System with Auditability}},
	booktitle = {{ESORICS} 2020},
	pages     = {591--610}
}

@inproceedings{Chiesa-Fractal-EUROCRYPT-2020,
	author    = {Alessandro Chiesa and Dev Ojha and Nicholas Spooner},
	title     = {Fractal: Post-quantum and Transparent Recursive Proofs from Holography},
	booktitle = {{EUROCRYPT} 2020},
	pages     = {769-793}
}

@article{EDRAX-ePrint-2018,
	author    = {Alexander Chepurnoy and Charalampos Papamanthou and Yupeng Zhang},
	title     = {Edrax: {A} Cryptocurrency with Stateless Transaction Validation},
	note      = {\url{https://eprint.iacr.org/2018/968}}
}

@inproceedings{CS-CRYPTO-1997,
	author    = {Jan Camenisch and Markus Stadler},
	title     = {Efficient Group Signature Schemes for Large Groups (Extended Abstract)},
	booktitle = {{CRYPTO} 1997},
	pages     = {410--424}
}

@inproceedings{DT-FC-2010,
	author    = {Emiliano De Cristofaro and Gene Tsudik},
	title     = {Practical Private Set Intersection Protocols with Linear Complexity},
	booktitle = {{FC} 2010},
	pages     = {143-159}
}

@inproceedings{Chen-ASIACRYPT-2021,
	author    = {Yu Chen and Qiang Tang and Yuyu Wang},
	title     = {Hierarchical Integrated Signature and Encryption 
	(or Key Separation vs. Key Reuse: Enjoy the Best of Both Worlds)},
	booktitle = {{ASIACRYPT} 2021},
	pages     = {575-606}
}

@inproceedings{CZ-INSCRYPT-2021,
	author    = {Hongrui Cui and Kaiyi Zhang},
	title     = {A Simple Post-Quantum Non-interactive Zero-Knowledge Proof from Garbled Circuits},
	booktitle = {Inscrypt 2021}
	pages     = {269--280}
}

@inproceedings{CZCLY-ESORICS-2021,
	author    = {Hongrui Cui and Kaiyi Zhang and Yu Chen and Zhen Liu and Yu Yu},
	title     = {MPC-in-Multi-Heads: {A} Multi-Prover Zero-Knowledge Proof System -
	(or: How to Jointly Prove Any {NP} Statements in {ZK)}},
	booktitle = {{ESORICS} 2021},
	pages     = {332--351}
}


@article{Chen-SCN-2016,
	author    = {Yu Chen and Zongyang Zhang and Dongdai Lin and Zhenfu Cao},
	title     = {Generalized (identity-based) hash proof system and its applications},
	journal   = {SCN 2016},
	pages     = {1698-1716}
}

@inproceedings{DC-ACISP-2017,
	author    = {Alex Davidson and Carlos Cid},
	title     = {An Efficient Toolkit for Computing Private Set Operations},
	booktitle = {{ACISP} 2017},
	pages     = {261--278}
}

@inproceedings{DCW-CCS-2013,
	author    = {Changyu Dong and Liqun Chen and Zikai Wen},
	title     = {When private set intersection meets big data: an efficient and scalable protocol},
	booktitle = {{ACM} {CCS} 2013},
	pages     = {789--800}
}

@inproceedings{Diamond-SP-2021,
	author       = {Benjamin E. Diamond},
	title        = {Many-out-of-Many Proofs and Applications to Anonymous Zether},
	booktitle = {{IEEE} {S\&P} 2021}
}


@misc{Dryja-ePrint-2019,
	author    = {Thaddeus Dryja},
	title     = {Utreexo: {A} dynamic hash-based accumulator optimized for the Bitcoin {UTXO} set},
	note    = {\url{https://eprint.iacr.org/2019/611}} 
}

@inproceedings{Deng-PKC-2018,
	author    = {Yi Deng and Xuyang Song and Jingyue Yu and Yu Chen},
	title     = {On the Security of Classic Protocols for Unique Witness Relations},
	booktitle = {{PKC} 2018},
	pages     = {589-615}
}

@inproceedings{ESSLL-ACNS-2019,
	author    = {Muhammed F. Esgin and Ron Steinfeld and Amin Sakzad and Joseph K. Liu and Dongxi Liu},
	title     = {Short Lattice-Based One-out-of-Many Proofs and Applications to Ring Signatures},
	booktitle = {{ACNS} 2019},
	pages     = {67--88}
}

@misc{FinCryptoContest, 
	note = {\url{https://cst.qd.sdu.edu.cn/info/1037/1001.htm}}
}

@inproceedings{FIPR-TCC-2005,
	author    = {Michael J. Freedman and Yuval Ishai and Benny Pinkas and Omer Reingold},
	title     = {Keyword Search and Oblivious Pseudorandom Functions},
	booktitle = {{TCC} 2005},
	pages     = {303-324}
}

@inproceedings{FLS-STOC-1990,
	author    = {Uriel Feige and Dror Lapidot and Adi Shamir},
	title     = {Multiple Non-Interactive Zero Knowledge Proofs Based on a Single Random String (Extended Abstract)},
	booktitle = {{STOC} 1990},
	pages     = {308-317}
}

@inproceedings{Quisquis-ASIACRYPT-2019,
	author    = {Prastudy Fauzi and Sarah Meiklejohn and Rebekah Mercer and Claudio Orlandi},
	title     = {Quisquis: {A} New Design for Anonymous Cryptocurrencies},
	booktitle = {{ASIACRYPT} 2019},
	pages     = {649-678}
}

@inproceedings{Frikken-ACNS-2007,
	author    = {Keith B. Frikken},
	title     = {Privacy-Preserving Set Union},
	booktitle = {{ACNS} 2007},
	pages     = {237--252}
}

@inproceedings{GGPR-EUROCRYPT-2013,
	author    = {Rosario Gennaro and Craig Gentry and Bryan Parno and Mariana Raykova},
	title     = {Quadratic Span Programs and Succinct NIZKs without PCPs},
	booktitle = {{EUROCRYPT} 2013},
	pages     = {626-645}
}

@inproceedings{GK-EUROCRYPT-2015,
	author    = {Jens Groth and Markulf Kohlweiss},
	title     = {One-Out-of-Many Proofs: Or How to Leak a Secret and Spend a Coin},
	booktitle = {{EUROCRYPT} 2015},
	pages     = {253-280}
}

@inproceedings{GKR-STOC-2008,
	author    = {Shafi Goldwasser and Yael Tauman Kalai and Guy N. Rothblum},
	title     = {Delegating computation: interactive proofs for muggles},
	booktitle = {{STOC} 2008},
	pages     = {113-122}
}

@inproceedings{GMO-ZKBoo-USENIX-2016,
	author    = {Irene Giacomelli and Jesper Madsen and Claudio Orlandi},
	title     = {ZKBoo: Faster Zero-Knowledge for Boolean Circuits},
	booktitle = {{USENIX} Security 2016},
	pages     = {1069-1083}
}

@inproceedings{GMR-STOC-1985,
	author    = {Shafi Goldwasser and Silvio Micali and Charles Rackoff},
	title     = {The Knowledge Complexity of Interactive Proof-Systems (Extended Abstract)},
	booktitle = {{STOC} 1985},
	pages     = {291-304}
}

@inproceedings{GMRSS-PKC-2021,
	author    = {Gayathri Garimella and Payman Mohassel and Mike Rosulek and
	Saeed Sadeghian and Jaspal Singh},
	title     = {Private Set Operations from Oblivious Switching},
	booktitle = {{PKC} 2021},
	pages     = {591--617}
}

@inproceedings{GMW-FOCS-1986,
	author    = {Oded Goldreich and Silvio Micali and Avi Wigderson},
	title     = {Proofs that Yield Nothing But their Validity and a Methodology of
	Cryptographic Protocol Design},
	booktitle = {{FOCS} 1986},
	pages     = {174-187}
}

@inproceedings{GMW-STOC-1987,
	author    = {Oded Goldreich and Silvio Micali and Avi Wigderson},
	title     = {How to Play any Mental Game or {A} Completeness Theorem for Protocols
	with Honest Majority},
	booktitle = {{STOC} 1987},
	pages     = {218-229}
}

@inproceedings{Groth-EUROCRYPT-2016,
	author    = {Jens Groth},
	title     = {On the Size of Pairing-Based Non-interactive Arguments},
	booktitle = {{EUROCRYPT} 2016},
	pages     = {305-326}
}

@inproceedings{GS-EUROCRYPT-2008,
	author    = {Jens Groth and Amit Sahai},
	title     = {Efficient Non-interactive Proof Systems for Bilinear Groups},
	booktitle = {{EUROCRYPT} 2008},
	pages     = {415-432}
}

@inproceedings{GW-STOC-2011,
	author = {Craig Gentry and Daniel Wichs},
	booktitle = {{STOC} 2011},
	pages = {99-108},
	title = {Separating succinct non-interactive arguments from all falsifiable assumptions},
}

@inproceedings{HEKM-USENIX-2011,
    author    = {Yan Huang and David Evans and Jonathan Katz and Lior Malka},
    title     = {Faster Secure Two-Party Computation Using Garbled Circuits},
    booktitle = {{USENIX} Security 2011}
}

@inproceedings{HEK-NDSS-2012,
	author    = {Yan Huang and David Evans and Jonathan Katz},
	title     = {Private Set Intersection: Are Garbled Circuits Better than Custom Protocols?},
	booktitle = {{NDSS} 2012}
}

@inproceedings{HFH-EC-1999,
	author    = {Bernardo A. Huberman and Matthew K. Franklin and Tad Hogg},
	title     = {Enhancing privacy and trust in electronic communities},
	booktitle = {{ACM} (EC-1999)},
	pages     = {78--86}
}

@inproceedings{Ion-EUROSP-2020,
	author    = {Mihaela Ion and Ben Kreuter and Ahmet Erhan Nergiz and
	Sarvar Patel and Shobhit Saxena and Karn Seth and
	Mariana Raykova and David Shanahan and Moti Yung},
	title     = {On Deploying Secure Computing: Private Intersection-Sum-with-Cardinality},
	booktitle = {{IEEE} EuroS{\&}P 2020},
	pages     = {370--389}
}

@inproceedings{IKO-CCC-2007,
	author    = {Yuval Ishai and Eyal Kushilevitz and Rafail Ostrovsky},
	title     = {Efficient Arguments without Short PCPs},
	booktitle = {{IEEE} {(CCC} 2007)},
	pages     = {278-291}
}

@inproceedings{JKO-CCS-2013,
	author    = {Marek Jawurek and Florian Kerschbaum and Claudio Orlandi},
	title     = {Zero-knowledge using garbled circuits: how to prove non-algebraic statements efficiently},
	booktitle = {{ACM} {CCS} 2013},
	pages     = {955--966}
}

@inproceedings{Kilian-STOC-1992,
	author    = {Joe Kilian},
	title     = {A Note on Efficient Zero-Knowledge Proofs and Arguments (Extended Abstract)},
	booktitle = {STOC 1992},
	pages     = {723-732}
}

@inproceedings{KKRT-CCS-2016,
	author    = {Vladimir Kolesnikov and Ranjit Kumaresan and Mike Rosulek and Ni Trieu},
	title     = {Efficient Batched Oblivious {PRF} with Applications to Private Set Intersection},
	booktitle = {{ACM} {CCS} 2016},
	pages     = {818--829}
}

@inproceedings{KRTW-ASIACRYPT-2019,
	author    = {Vladimir Kolesnikov and Mike Rosulek and Ni Trieu and Xiao Wang},
	title     = {Scalable Private Set Union from Symmetric-Key Techniques},
	booktitle = {{ASIACRYPT} 2019},
	pages     = {636-666}
}

@inproceedings{KS-CRYPTO-2005,
	author    = {Lea Kissner and Dawn Xiaodong Song},
	title     = {Privacy-Preserving Set Operations},
	booktitle = {{CRYPTO} 2005},
	volume    = {3621},
	pages     = {241--257}
}

@inproceedings{LM-CRYPTO-2019,
	author    = {Russell W. F. Lai and Giulio Malavolta},
	title     = {Subvector Commitments with Application to Succinct Arguments},
	booktitle = {{CRYPTO} 2019},
	pages     = {530-560}
}

@inproceedings{Maller-Sonic-CCS-2019,
	author    = {Mary Maller and Sean Bowe and Markulf Kohlweiss and Sarah Meiklejohn},
	title     = {Sonic: Zero-Knowledge SNARKs from Linear-Size Universal and Updatable Structured Reference Strings},
	booktitle = {{ACM} {CCS} 2019},
	pages     = {2111-2128}
}

@inproceedings{Meadows-SP-1986,
	author    = {Catherine A. Meadows},
	title     = {A More Efficient Cryptographic Matchmaking Protocol for Use in the
	Absence of a Continuously Available Third Party},
	booktitle = {{IEEE} S{\&}P 1986},
	pages     = {134-137}
}

@inproceedings{Micali-FOCS-1994,
	author    = {Silvio Micali},
	title     = {{CS} Proofs (Extended Abstracts)},
	booktitle = {FOCS 1994},
	pages     = {436-453}
}

@inproceedings{MPRSY-CRYPTO-2020,
	author    = {Peihan Miao and Sarvar Patel and Mariana Raykova and Karn Seth and Moti Yung},
	title     = {Two-Sided Malicious Security for Private Intersection-Sum with Cardinality},
	booktitle = {{CRYPTO} 2020},
	volume    = {12172},
	pages     = {3--33}
}

@misc{Monero,
	author = {Shen Noether},
	title = {Ring Signature Confidential Transactions for Monero},
	year = {2015},
	note = {\url{https://eprint.iacr.org/2015/1098}}
}

@inproceedings{Pinocchio-SP-2013,
	author    = {Bryan Parno and Jon Howell and Craig Gentry and Mariana Raykova},
	title     = {Pinocchio: Nearly Practical Verifiable Computation},
	booktitle = {{IEEE} {S\&P} 2013},
	pages     = {238-252}
}

@inproceedings{PPS-TCC-2021,
	author = {Chris Peikert and Zachary Pepin and Chad Sharp},
	title = {Vector and Functional Commitments from Lattices},
	booktitle = {{TCC} 2021},
	pages = {480--511}
}

@inproceedings{PSZ-USENIX-2015,
	author    = {Benny Pinkas and Thomas Schneider and Gil Segev and Michael Zohner},
	title     = {Phasing: Private Set Intersection Using Permutation-based Hashing},
	booktitle = {{USENIX} Security 2015},
	pages     = {515--530},
}

@inproceedings{PSWW-EUROCRYPT-2018,
	author    = {Benny Pinkas and Thomas Schneider and Christian Weinert and Udi Wieder},
	title     = {Efficient Circuit-Based {PSI} via Cuckoo Hashing},
	booktitle = {{EUROCRYPT} 2018},
	volume    = {10822},
	pages     = {125--157}
}

@inproceedings{PSZ-USENIX-2014,
	author    = {Benny Pinkas and Thomas Schneider and Michael Zohner},
	title     = {Faster Private Set Intersection Based on {OT} Extension},
	booktitle = {{USENIX} Security 2014},
	pages     = {797-812}
}

@inproceedings{Zhang-Ligeroplusplus-CCS-2020,
	author    = {Rishabh Bhadauria and Zhiyong Fang and Carmit Hazay and Muthuramakrishnan Venkitasubramaniam and
	Tiancheng Xie and Yupeng Zhang}, 
	title     = {Ligero++: A New Optimized Sublinear IOP}, 
	booktitle = {ACM CCS 2020}
}

@inproceedings{RR-EUROCRYPT-2017,
	author    = {Peter Rindal and Mike Rosulek},
	title     = {Improved Private Set Intersection Against Malicious Adversaries},
	booktitle = {{EUROCRYPT} 2017},
	pages     = {235--259}
}

@inproceedings{RS-EUROCRYPT-2021,
	author    = {Peter Rindal and Phillipp Schoppmann},
	title     = {{VOLE-PSI:} Fast {OPRF} and Circuit-PSI from Vector-OLE},
	booktitle = {{EUROCRYPT} 2021},
	pages     = {901-930}
}

@article{Schnorr-JOC-1991,
	author = {Claus-Peter Schnorr},
	journal = {Journal of Cryptology},
	number = {3},
	pages = {161-174},
	title = {Efficient Signature Generation by Smart Cards},
	volume = {4},
	year = {1991}
}

@inproceedings{Setty-CRYPTO-2020,
	author    = {Srinath Setty},
	title     = {Spartan: Efficient and General-Purpose zkSNARKs Without Trusted Setup},
	booktitle = {{CRYPTO} 2020},
	pages     = {704-737}
}

@misc{Solana, 
	author = {Solana},
	note = {\url{https://github.com/solana-labs/spl-zk-token}}
}

@article{TCW-IET-2020,
	author    = {Binbin Tu and Yu Chen and Xueli Wang},
	title     = {Threshold trapdoor functions and their applications},
	journal   = {{IET} Information Security},
	volume    = {14},
	number    = {2},
	pages     = {220--231},
	year      = {2020}
}


@inproceedings{Wang-ISC-2019,
	author    = {Xueli Wang and Yu Chen and Xuecheng Ma},
	title     = {Adding Linkability to Ring Signatures with One-Time Signatures},
	booktitle = {ISC 2019},
	pages     = {445-464}
}

@inproceedings{Wahby-Hyrax-SP-2018,
	author    = {Riad S. Wahby and Ioanna Tzialla and Abhi Shelat and Justin Thaler and Michael Walfish},
	title     = {Doubly-Efficient zkSNARKs Without Trusted Setup},
	booktitle = {{IEEE} {S\&P} 2018},
	pages     = {926-943}
}

@inproceedings{Yao-FOCS-1982,
	author = {Andrew Chi-Chih Yao},
	title = {Theory and Applications of Trapdoor Functions (Extended Abstract)},
	booktitle = {FOCS 1982},
	pages = {80-91}
}

@misc{ZCash, 
	title = {Zcash: Privacy-protecting digital currency}, 
	note  = {\url{https://z.cash/}}
}

@inproceedings{ZXZS-SP-2020,
    author    = {Jiaheng Zhang and Tiancheng Xie and Yupeng Zhang and Dawn Song},
    title     = {Transparent Polynomial Delegation and Its Applications to Zero Knowledge Proof},
    booktitle = {{IEEE} {S\&P} 2020},
    pages     = {859--876}
}

@article{Chen-DCC-2016,
    Author = {Yu Chen and Jiang Zhang and Dongdai Lin and Zhenfeng Zhang},
    Journal = {Des. Codes Cryptography},
    Number = {2},
    Pages = {493-526},
    Title = {Generic constructions of integrated {PKE} and {PEKS}},
    Volume = {78},
    Year = {2016}
}

@article{PPC-2020,
	author = {闫树，袁博}, 
	title = {隐私计算: 实现数据价值释放的突破口},
	journal = {安全内参}, 
	year = {2020}
}

@misc{libKunlun,
    title = {{Kunlun}}, 
    note = {\url{https://github.com/yuchen1024/Kunlun}}, 
}

@inproceedings{Ben-TCC-2016,
  	author    = {Eli Ben{-}Sasson and Alessandro Chiesa and Nicholas Spooner},
  	title     = {Interactive Oracle Proofs},
  	booktitle = {{TCC} 2016-B},
  	pages     = {31-60}
}

@inproceedings{CO-SCN-2018,
    author    = {Michele Ciampi and Claudio Orlandi},
    title     = {Combining Private Set-Intersection with Secure Two-Party Computation},
    booktitle = {{SCN} 2018}
}

@inproceedings{CM-ESORICS-2021,
  	author    = {Leixiao Cheng and Fei Meng},
  	title     = {Server-Aided Revocable Attribute-Based Encryption Revised: Multi-User Setting and Fully Secure},
  	booktitle = {{ESORICS} 2021},
	pages     = {192--212}
}

@inproceedings{WPC-CRYPTO-2021,
    author    = {Yuyu Wang and Jiaxin Pan and Yu Chen},
    title     = {Fine-Grained Secure Attribute-Based Encryption},
    booktitle = {{CRYPTO} 2021},
    pages     = {179-207}
}
